@STRING{acmmathsoft="{ACM} Transactions on Mathematical Software" }
@STRING{actanum	= "Acta Numerica" }
@STRING{birkhauser="Birkha{\"u}ser" }
@STRING{bit	= "{BIT} Numerical Mathematics" }
@STRING{compapplmath="Journal of Computational and Applied Mathematics" }
@STRING{compphys= "Journal of Computational Physics" }
@STRING{gammmitt= "{GAMM} Mitteilungen" }
@STRING{ieeetranssign="{IEEE} Transactions on Signal Processing" }
@STRING{intnumfluid="International Journal for Numerical Methods in Fluids" }
@STRING{johnshopkinspress="The Johns Hopkins University Press" }
@STRING{johnwileysons="John Wiley and Sons" }
@STRING{linalgapp="Linear Algebra and its Applications" }
@STRING{lncs	= "Lecture Notes in Computer Science" }
@STRING{mathcomp= "Mathematics of Computation" }
@STRING{numalg	= "Numerical Algorithms" }
@STRING{numlinapp="Numerical Linear Algebra with Applications" }
@STRING{physrevb= "Physical Review B" }
@STRING{prenticehall="Prentice-Hall" }
@STRING{siam	= "Society for Industrial and Applied Mathematics" }
@STRING{siammatrix="{SIAM} Journal on Matrix Analysis and Applications" }
@STRING{siamnumanal="{SIAM} Journal on Numerical Analysis" }
@STRING{siamreview="{SIAM} Review" }
@STRING{siamsci	= "{SIAM} Journal on Scientific Computing" }
@STRING{siamscistat="{SIAM} Journal on Scientific and Statistical Computing" }
@String{intsuperhigh="International Journal of Supercomputer Applications and High Performance Computing" }


@Book{		  Anderson:1999:LUG,
  author	= "E. Anderson and Z. Bai and C. Bischof and L. S. Blackford
		  and J. Demmel and J. Dongarra and J. Du Croz and A.
		  Greenbaum and S. Hammarling and A. McKenney and D.
		  Sorensen",
  title		= "{LAPACK} Users' Guide",
  edition	= "third",
  publisher	= siam,
  address	= "Philadelphia, PA",
  year		= "1999"
}

@Book{		  Bai:2000:TSA,
  title		= "Templates for the Solution of Algebraic Eigenvalue
		  Problems: A Practical Guide",
  editor	= "Z. Bai and J. Demmel and J. Dongarra and A. Ruhe and H.
		  van der Vorst",
  publisher	= siam,
  address	= "Philadelphia, PA",
  year		= "2000"
}

@InProceedings{	  Balay:1997:EMP,
  author	= "S. Balay and W. D. Gropp and L. C. McInnes and B. F.
		  Smith",
  title		= "Efficient Management of Parallelism in Object Oriented
		  Numerical Software Libraries",
  booktitle	= "Modern Software Tools in Scientific Computing",
  editor	= "E. Arge and A. M. Bruaset and H. P. Langtangen",
  pages		= "163--202",
  publisher	= birkhauser,
  year		= "1997"
}

@Book{		  Blackford:1997:SUG,
  author	= "L. S. Blackford and J. Choi and A. Cleary and E. D'Azevedo
		  and J. Demmel and I. Dhillon and J. Dongarra and S.
		  Hammarling and G. Henry and A. Petitet and K. Stanley and
		  D. Walker and R. C. Whaley",
  title		= "{ScaLAPACK} Users' Guide",
  publisher	= siam,
  year		= "1997",
  address	= "Philadelphia, PA"
}

@Article{	  Golub:2000:EC2,
  author	= "Gene H. Golub and Henk A. van der Vorst",
  title		= "Eigenvalue Computation in the 20th Century",
  journal	= compapplmath,
  volume	= "123",
  number	= "1-2",
  pages		= "35--65",
  year		= "2000"
}

@Book{		  Lehoucq:1998:AUG,
  author	= "R. B. Lehoucq and D. C. Sorensen and C. Yang",
  title		= "{ARPACK} Users' Guide, Solution of Large-Scale Eigenvalue
		  Problems by Implicitly Restarted {A}rnoldi Methods",
  publisher	= siam,
  address	= "Philadelphia, PA",
  year		= "1998"
}

@Article{	  Maschhoff:1996:PEP,
  author	= "K. J. Maschhoff and D. C. Sorensen",
  title		= "{PARPACK}: An Efficient Portable Large Scale Eigenvalue
		  Package for Distributed Memory Parallel Architectures",
  journal	= lncs,
  volume	= "1184",
  pages		= "478--486",
  year		= "1996"
}

@Book{		  Parlett:1980:SEP,
  author	= "B. N. Parlett",
  title		= "The Symmetric Eigenvalue Problem",
  year		= "1980",
  publisher	= prenticehall,
  address	= "Englewood Cliffs, NJ",
  note		= "Reissued with revisions by SIAM, Philadelphia, 1998."
}

@Book{		  Golub:1996:MC,
  author	= "G. H. Golub and van Loan, C. F.",
  title		= "Matrix Computations",
  year		= "1996",
  edition	= "third",
  publisher	= johnshopkinspress,
  address	= "Baltimore, MD"
}

@Book{		  Bjorck:1996:NML,
  author	= "{\AA}. Bj{\"o}rck",
  title		= "Numerical Methods for Least Squares Problems",
  year		= "1996",
  publisher	= siam,
  address	= "Philadelphia"
}

@Book{		  Saad:1992:NML,
  author	= "Y. Saad",
  title		= "Numerical Methods for Large Eigenvalue Problems: Theory
		  and Algorithms",
  year		= "1992",
  publisher	= johnwileysons,
  address	= "New York"
}

@Book{		  Stewart:2001:MAV,
  author	= "G. W. Stewart",
  title		= "Matrix Algorithms. {Volume II}: Eigensystems",
  publisher	= siam,
  address	= "Philadelphia, PA, USA",
  year		= "2001"
}

@Article{	  Canning:2000:PEP,
  author	= "A. Canning and L. W. Wang and A. Williamson and A. Zunger",
  title		= "Parallel Empirical Pseudopotential Electronic Structure
		  Calculations for Million Atom Systems",
  journal	= compphys,
  volume	= "160",
  number	= "1",
  pages		= "29--41",
  year		= "2000"
}

@Article{	  Meerbergen:1997:IRA,
  author	= "Karl Meerbergen and Alastair Spence",
  title		= "Implicitly Restarted {Arnoldi} with Purification for the
		  Shift-Invert Transformation",
  journal	= mathcomp,
  volume	= "66",
  number	= "218",
  pages		= "667--689",
  year		= "1997"
}

@Article{	  Knyazev:2007:BLO,
  author	= "A. V. Knyazev and M. E. Argentati and I. Lashuk and E. E.
		  Ovtchinnikov",
  title		= "{B}lock {L}ocally {O}ptimal {P}reconditioned {E}igenvalue
		  {X}olvers ({BLOPEX}) in {HYPRE} and {PETSc}",
  journal	= siamsci,
  number	= "5",
  pages		= "2224--2239",
  volume	= "29",
  year		= "2007"
}

@Article{	  Grimes:1994:SBL,
  author	= "Roger G. Grimes and John G. Lewis and Horst D. Simon",
  title		= "A Shifted Block {Lanczos} Algorithm for Solving Sparse
		  Symmetric Generalized Eigenproblems",
  journal	= siammatrix,
  volume	= "15",
  number	= "1",
  pages		= "228--272",
  year		= "1994"
}

@Article{	  Ericsson:1980:STL,
  author	= "T. Ericsson and A. Ruhe",
  title		= "The Spectral Transformation {Lanczos} Method for the
		  Numerical Solution of Large Sparse Generalized Symmetric
		  Eigenvalue Problems",
  journal	= mathcomp,
  volume	= "35",
  pages		= "1251--1268",
  number	= "152",
  year		= "1980"
}

@Article{	  Meerbergen:1994:SCT,
  author	= "K. Meerbergen and A. Spence and D. Roose",
  title		= "Shift-invert and {Cayley} Transforms for Detection of
		  Rightmost Eigenvalues of Nonsymmetric Matrices",
  journal	= bit,
  volume	= "34",
  number	= "3",
  pages		= "409--423",
  year		= "1994"
}

@Book{		  Hansen:1998:RDI,
  author	= "Per Christian Hansen",
  title		= "Rank-Deficient and Discrete Ill-Posed Problems: Numerical
		  Aspects of Linear Inversion",
  publisher	= siam,
  address	= "Philadelphia, PA",
  year		= "1998"
}

@Article{	  Scott:1982:AIO,
  author	= "D. S. Scott",
  title		= "The Advantages of Inverted Operators in {Rayleigh-Ritz}
		  Approximations",
  journal	= siamscistat,
  volume	= "3",
  number	= "1",
  pages		= "68--75",
  year		= "1982"
}

@Article{	  Lehoucq:2001:LEC,
  author	= "R. B. Lehoucq and A. G. Salinger",
  title		= "Large-Scale Eigenvalue Calculations for Stability Analysis
		  of Steady Flows on Massively Parallel Computers",
  journal	= intnumfluid,
  volume	= "36",
  pages		= "309--327",
  year		= "2001"
}

@Article{	  Morgan:2006:HRA,
  author	= "Ronald B. Morgan and Min Zeng",
  title		= "A Harmonic Restarted {Arnoldi} Algorithm for Calculating
		  Eigenvalues and Determining Multiplicity",
  journal	= linalgapp,
  volume	= "415",
  number	= "1",
  pages		= "96--113",
  year		= "2006"
}

@Article{	  Stathopoulos:2010:PMS,
  author	= "Andreas Stathopoulos and James R. McCombs",
  title		= "{PRIMME: PReconditioned Iterative MultiMethod
		  Eigensolver}: Methods and Software Description",
  journal	= acmmathsoft,
  volume	= "37",
  number	= "2",
  pages		= "21:1--21:30",
  year		= "2010"
}

@Article{	  Chen:2000:BSM,
  author	= "Tzu-Yi Chen and James W. Demmel",
  title		= "Balancing Sparse Matrices for Computing Eigenvalues",
  journal	= linalgapp,
  volume	= "309",
  number	= "1--3",
  pages		= "261--287",
  year		= "2000"
}

@Article{	  Tisseur:2001:QEP,
  author	= "F. Tisseur and K. Meerbergen",
  title		= "The quadratic eigenvalue problem",
  journal	= siamreview,
  volume	= "43",
  number	= "2",
  pages		= "235--286",
  year		= "2001"
}

@Article{	  Tisseur:2000:BEC,
  author	= "F. Tisseur",
  title		= "Backward Error and Condition of Polynomial Eigenvalue
		  Problems",
  journal	= linalgapp,
  volume	= "309",
  number	= "1--3",
  pages		= "339--361",
  year		= "2000"
}

@Article{	  Polizzi:2009:DAS,
  author	= "E. Polizzi",
  title		= "Density-matrix-based algorithm for solving eigenvalue
		  problems",
  journal	= physrevb,
  number	= "11",
  pages		= "115112",
  volume	= "79",
  year		= "2009"
}

@Article{	  Betcke:2011:PER,
  author	= "T. Betcke and D. Kressner",
  title		= "Perturbation, extraction and refinement of invariant pairs
		  for matrix polynomials",
  journal	= linalgapp,
  volume	= "435",
  number	= "3",
  pages		= "514--536",
  year		= "2011"
}

@Article{	  Mehrmann:2004:NEP,
  author	= "V. Mehrmann and H. Voss",
  title		= "Nonlinear eigenvalue problems: a challenge for modern
		  eigenvalue methods",
  journal	= gammmitt,
  number	= "2",
  pages		= "121--152",
  volume	= "27",
  year		= "2004"
}

@Article{	  Campos:2012:SSS,
  author	= "C. Campos and J. E. Roman",
  title		= "Strategies for Spectrum Slicing based on Restarted
		  {Lanczos} Methods",
  journal	= numalg,
  volume	= "60",
  number	= "2",
  pages		= "279--295",
  year		= "2012"
}

@Article{	  Higham:2010:CMF,
  author	= "N. J. Higham and A. H. Al-Mohy",
  title		= "Computing matrix functions",
  journal	= actanum,
  pages		= "159--208",
  volume	= "19",
  year		= "2010"
}

@Article{	  Sidje:1998:ESP,
  author	= "R. B. Sidje",
  title		= "Expokit: a software package for computing matrix
		  exponentials",
  journal	= acmmathsoft,
  number	= "1",
  pages		= "130--156",
  volume	= "24",
  year		= "1998"
}

@Article{	  Betcke:2008:OSG,
  author	= "T. Betcke",
  title		= "Optimal scaling of generalized and polynomial eigenvalue
		  problems",
  journal	= siammatrix,
  volume	= "30",
  number	= "4",
  pages		= "1320--1338",
  year		= "2008"
}

@Article{	  Campos:2016:PKS,
  author	= "C. Campos and J. E. Roman",
  title		= "Parallel {Krylov} solvers for the polynomial eigenvalue
		  problem in {SLEPc}",
  journal	= siamsci,
  volume	= "38",
  number	= "5",
  pages		= "S385--S411",
  year		= "2016",
  doi		= "10.1137/15M1022458"
}

@Article{	  Campos:2016:PIR,
  author	= "C. Campos and J. E. Roman",
  title		= "Parallel iterative refinement in polynomial eigenvalue
		  problems",
  journal	= numlinapp,
  volume	= "23",
  number	= "4",
  pages		= "730--745",
  year		= "2016",
  doi		= "10.1002/nla.2052"
}

@Article{	  Eiermann:2006:RKS,
  author	= "M. Eiermann and O. G. Ernst",
  title		= "A restarted {Krylov} subspace method for the evaluation of
		  matrix functions",
  journal	= siamnumanal,
  number	= "6",
  pages		= "2481--2504",
  volume	= "44",
  year		= "2006"
}

@Article{	  Romero:2014:PID,
  author	= "E. Romero and J. E. Roman",
  title		= "A parallel implementation of {Davidson} methods for
		  large-scale eigenvalue problems in {SLEPc}",
  journal	= acmmathsoft,
  volume	= "40",
  number	= "2",
  pages		= "13:1--13:29",
  year		= "2014",
  doi		= "10.1145/2543696"
}

@Article{	  Guttel:2017:NEP,
  author	= {S. G{\"u}ttel and F. Tisseur},
  title		= "The nonlinear eigenvalue problem",
  journal	= actanum,
  pages		= "1--94",
  volume	= "26",
  year		= "2017"
}

@Article{	  Fang:2012:FLP,
  author	= "H. Fang and Y. Saad",
  title		= "A filtered {Lanczos} procedure for extreme and interior
		  eigenvalue problems",
  journal	= siamsci,
  number	= "4",
  pages		= "A2220--A2246",
  volume	= "34",
  year		= "2012"
}

@Article{	  Campos:2020:PJD,
  author	= "C. Campos and J. E. Roman",
  title		= "A polynomial {Jacobi-Davidson} solver with support for
		  non-monomial bases and deflation",
  journal	= bit,
  volume	= "60",
  number	= "2",
  pages		= "295--318",
  year		= "2020",
  doi		= "10.1007/s10543-019-00778-z"
}

@Article{	  Campos:2021:NEP,
  author	= "C. Campos and J. E. Roman",
  title		= "{NEP}: a module for the parallel solution of nonlinear
		  eigenvalue problems in {SLEPc}",
  journal	= acmmathsoft,
  volume	= "47",
  number	= "3",
  pages		= "23:1--23:29",
  year		= "2021",
  doi		= "10.1145/3447544"
}

@Article{	  Alvarruiz:2024:TLB,
  author	= "F. Alvarruiz and C. Campos and J. E. Roman",
  title		= "Thick-restarted joint {Lanczos} bidiagonalization for the
		  {GSVD}",
  journal	= compapplmath,
  volume	= "440",
  pages		= "115506",
  year		= "2024",
  doi		= "10.1016/j.cam.2023.115506"
}

@Article{	  Onn:1991:HSV,
  author	= "R. Onn and A. O. Steinhardt and A. Bojanczyk",
  title		= "The hyperbolic singular value decomposition and
		  applications",
  journal	= ieeetranssign,
  volume	= "39",
  number	= "7",
  pages		= "1575--1588",
  year		= "1991",
  doi		= "10.1109/78.134396"
}

@Article{	  Sangalli:2019:MPT,
  author	= "D. Sangalli and A. Ferretti and H. Miranda and C.
		  Attaccalite and I. Marri and E. Cannuccia and P. Melo and
		  M. Marsili and F. Paleari and A. Marrazzo and G. Prandini
		  and P. Bonf{\`a} and M. O. Atambo and F. Affinito and M.
		  Palummo and A. Molina-S{\'a}nchez and C. Hogan and M.
		  Gr{\"u}ning and D. Varsano and A. Marini",
  title		= "Many-body perturbation theory calculations using the yambo
		  code",
  journal	= {J. Condens. Matter Phys.},
  doi		= "10.1088/1361-648x/ab15d0",
  volume	= "31",
  number	= "32",
  pages		= "325902",
  year		= "2019"
}

@Article{	  Alvarruiz:2025:VTR,
  author	= {Fernando Alvarruiz and Blanca Mellado-Pinto and Jose E.
		  Roman},
  title		= {Variants of thick-restart Lanczos for the Bethe-Salpeter
		  eigenvalue problem},
  journal	= "arXiv:2503.20920 : retrieved 27 May 2025",
  year		= {2025}
}

@Article{	  Li:2019:EVS,
  author	= {Li, Ruipeng and Xi, Yuanzhe and Erlandson, Lucas and Saad,
		  Yousef},
  title		= {The Eigenvalues Slicing Library (EVSL): Algorithms,
		  Implementation, and Software},
  journal	= {SIAM Journal on Scientific Computing},
  doi		= {10.1137/18M1170935},
  volume	= {41},
  number	= {4},
  pages		= {C393--C415},
  year		= {2019}
}

@Article{	  Auckenthaler:2011:ELP,
  author	= {T. Auckenthaler and V. Blum and H.-J. Bungartz and T.
		  Huckle and R. Johanni and L. Kr{\"a}mer and B. Lang and H.
		  Lederer and P.R. Willems},
  title		= {Parallel solution of partial symmetric eigenvalue problems
		  from electronic structure calculations},
  journal	= {Parallel Computing},
  doi		= {10.1016/j.parco.2011.05.002},
  volume	= {37},
  number	= {12},
  pages		= {783--794},
  year		= {2011}
}

@Article{	  Sukkari:2019:QDW,
  author	= {Sukkari, Dalal and Ltaief, Hatem and Esposito, Aniello and
		  Keyes, David},
  title		= {A QDWH-based SVD Software Framework on Distributed-memory
		  Manycore Systems},
  journal	= {ACM Trans. Math. Softw.},
  doi		= {10.1145/3309548},
  volume	= {45},
  number	= {2},
  year		= {2019}
}

@Article{	  Poulson:2013:ELE,
  author	= {Poulson, Jack and Marker, Bryan and van de Geijn, Robert
		  A. and Hammond, Jeff R. and Romero, Nichols A.},
  title		= {Elemental: A New Framework for Distributed Memory Dense
		  Matrix Computations},
  journal	= {ACM Trans. Math. Softw.},
  doi		= {10.1145/2427023.2427030},
  volume	= {39},
  number	= {2},
  year		= {2013}
}

@Article{	  Winkelmann:2019:CCA,
  author	= {Winkelmann, Jan and Springer, Paul and Napoli, Edoardo
		  Di},
  title		= {ChASE: Chebyshev Accelerated Subspace Iteration
		  Eigensolver for Sequences of Hermitian Eigenvalue
		  Problems},
  journal	= {ACM Trans. Math. Softw.},
  doi		= {10.1145/3313828},
  volume	= {45},
  number	= {2},
  year		= {2019}
}

@Manual{	  Balay:PUM,
  author	= {Satish Balay and Shrirang Abhyankar and Mark~F. Adams and
		  Steven Benson and Jed Brown and Peter Brune and Kris
		  Buschelman and Emil Constantinescu and Lisandro Dalcin and
		  Alp Dener and Victor Eijkhout and Jacob Faibussowitsch and
		  William~D. Gropp and V\'{a}clav Hapla and Tobin Isaac and
		  Pierre Jolivet and Dmitry Karpeev and Dinesh Kaushik and
		  Matthew~G. Knepley and Fande Kong and Scott Kruger and
		  Dave~A. May and Lois Curfman McInnes and Richard Tran Mills
		  and Lawrence Mitchell and Todd Munson and Jose~E. Roman and
		  Karl Rupp and Patrick Sanan and Jason Sarich and Barry~F.
		  Smith and Hansol Suh and Stefano Zampini and Hong Zhang and
		  Hong Zhang and Junchao Zhang},
  title		= {{PETSc/TAO} Users Manual},
  institution	= {Argonne National Laboratory},
  number	= {ANL-21/39 - Revision 3.24},
  doi		= {10.2172/2476320},
  year		= {2025}
}

@Article{	  Campos:2020:ISS,
  author	= {Campos, Carmen and Roman, Jose E.},
  title		= {Inertia-based spectrum slicing for symmetric quadratic
		  eigenvalue problems},
  journal	= {Numerical Linear Algebra with Applications},
  doi		= {10.1002/nla.2293},
  volume	= {27},
  number	= {4},
  pages		= {e2293},
  year		= {2020}
}

@Article{	  MPI-Forum:1994:MMI,
  author	= "{MPI Forum}",
  title		= "{MPI}: a Message-Passing Interface Standard",
  journal	= intsuperhigh,
  volume	= "8",
  number	= "3/4",
  pages		= "159--416",
  year		= "1994"
}

@Article{         Nour-Omid:1987:HIS,
  author        = "Bahram Nour-Omid and Beresford N. Parlett and Thomas
                  Ericsson and Paul S. Jensen",
  title         = "How to Implement the Spectral Transformation",
  journal       = mathcomp,
  volume        = "48",
  number        = "178",
  pages         = "663--673",
  year          = "1987"
}

@TechReport{      str-1,
  author        = "V. Hernandez and J. E. Roman and A. Tomas and V. Vidal.",
  title         = "{Orthogonalization Routines in SLEPc}",
  number        = "{STR-1}",
  institution   = "{Universitat Polit\`ecnica de Val\`encia}",
  note          = "{Available at https://slepc.upv.es}",
  year          = "{2007}"
}

@TechReport{      str-6,
  author        = "V. Hernandez and J. E. Roman and A. Tomas and V. Vidal.",
  title         = "{A survey of software for sparse eigenvalue problems}",
  number        = "{STR-6}",
  institution   = "{Universitat Polit\`ecnica de Val\`encia}",
  note          = "{Available at https://slepc.upv.es}",
  year          = "{2009}"
}

@TechReport{      str-8,
  author        = "V. Hernandez and J. E. Roman and A. Tomas.",
  title         = "{Restarted Lanczos Bidiagonalization for the SVD in SLEPc}",
  number        = "{STR-8}",
  institution   = "{Universitat Polit\`ecnica de Val\`encia}",
  note          = "{Available at https://slepc.upv.es}",
  year          = "{2007}"
}

@TechReport{      str-11,
  author        = "Y. Maeda and T. Sakurai and J. E. Roman.",
  title         = "{Contour Integral Spectrum Slicing Method in SLEPc}",
  number        = "{STR-11}",
  institution   = "{Universitat Polit\`ecnica de Val\`encia}",
  note          = "{Available at https://slepc.upv.es}",
  year          = "{2016}"
}
